@misc{320cyberattack,
	author    = "Wikipedia",
	title     = "3.20 cyberattack",
	howpublished = "\url{https://en.wikipedia.org/wiki/2013_South_Korea_cyberattack}"
}

@misc{jjencode,
	author    = "Yosuke HASEGAWA",
	title     = "jjencode",
	howpublished = "\url{http://utf-8.jp/public/jjencode.html}"
}

@misc{metasploit,
	author    = "Rapid7",
	title     = "Metasploit Homepage",
	howpublished = "\url{https://www.metasploit.com/}"
}

@misc{netcat,
	author    = "Wikipedia",
	title     = "Netcat",
	howpublished = "\url{https://en.wikipedia.org/wiki/Netcat}"
}

@misc{cron,
	author    = "Michael Kerrisk",
	title     = "cron man page",
	howpublished = "\url{http://man7.org/linux/man-pages/man8/cron.8.html}"
}

